@article{Davis80-COP,
  author =    {Steven B. Davis and Paul Mermelstein},
  title =     {Comparison of Parametric Representation for Monosyllabic Word Recognition in Continuously Spoken Sentences},
  journal =   {IEEE Transactions on Acoustics, Speech and Signal Processing},
  volume =    {28},
  number =    {4},
  pages =     {357--366},
  year =      {1980}
}

@article{Rabiner89-ATO,
  author =    {Lawrence R. Rabiner},
  title =     {A Tutorial on Hidden {Markov} Models and Selected Applications in Speech Recognition},
  journal =   {Proceedings of the IEEE},
  volume =    {77}, 
  number =    {2},
  pages =     {257--286}, 
  year =      {1989}
}

@article{Klatt-80,
  author =    {Dennis Klatt},
  title =     {Software for a Cascade/Parallel Formant Synthesizer},
  journal =   {Journal of the Acoustic Society of America},
  year =      {1980},
  volume =    {67},
  pages =     {971--995}
}

@article{Matht2011,
  doi = {10.3758/s13428-011-0168-7},
  url = {http://dx.doi.org/10.3758/s13428-011-0168-7},
  year  = {2011},
  month = {Nov},
  publisher = {Springer Science $\mathplus$ Business Media},
  volume = {44},
  number = {2},
  pages = {314--324},
  author = {Sebastiaan Math{\^{o}}t and Daniel Schreij and Jan Theeuwes},
  title = {{OpenSesame}: An open-source,  graphical experiment builder for the social sciences},
  journal = {Behav Res}
}

@book{Hastie09-TEO,
  author =    {Trevor Hastie and Robert Tibshirani and Jerome Friedman},
  title =     {The Elements of Statistical Learning -- Data Mining, Inference, and Prediction},
  publisher = {Springer},
  address =   {New York},
  year =      {2009}
}

@article{ifcformant,
  author =    {Ueda, Yuichi and Hamakawa, Tomoya and Sakata, Tadashi and Hario, Syota Hario and Watanabe, Akira},
  title =     {A real-time formant tracker based on the inverse filter control method},
  journal =   {Acoustical Science and Technology of the Acoustical Society of Japan},
  volume =    {28},
  number =    {4},
  pages =     {317-326},
  year =      {2007}
}

@article{rlpc,
  author =    {Yao Yao and Sam Tilsen and Ronald L. Sprouse and Keith Johnson},
  title =     {Automated measurement of vowel formants in the {Buckeye Corpus}},
  journal =   {Journal of the Linguistic Society of Japan},
  volume =    {138},
  pages =     {99--113},
  year =      {2010},
}
@manual{Ubuntu,
  title =     {Ubuntu Server Guide},
  year =      {2014},
  note =      {\newline https://help.ubuntu.com/14.04/serverguide/serverguide.pdf}
}

@misc{htk,
  url  =      {http://htk.eng.cam.ac.uk/}
}

@misc{esps,
  url =      {https://github.com/rsprouse/espsfree}
}

@misc{p2fa-url,
  url =       {https://www.ling.upenn.edu/phonetics/old_website_2015/p2fa/},
}

@misc{bpm-wiki,
  url =      {http://linguistics.berkeley.edu/plab/guestwiki/index.php?title=Berkeley_Phonetics_Machine}
}

@misc{packer,
  url =      {https://www.packer.io/intro/}
}

@misc{klsyn-GIT,
  url =      {https://github.com/rsprouse/klsyn}
}

@misc{ultratils,
  url =      {https://github.com/rsprouse/ultratils}
}

@misc{sox,
  url =      {http://sox.sourceforge.net}
}

@misc{ffmpeg,
  url =      {http://ffmpeg.org}
}

@misc{voice-analysis-toolkit,
  url =      {https://github.com/jckane/Voice_Analysis_Toolkit}
}

@misc{praat,
  url =      {http://www.fon.hum.uva.nl/praat/}
}

@misc{wavesurfer,
  url =      {https://sourceforge.net/projects/wavesurfer/}
}

@misc{audiolabel-GIT,
  url =      {https://github.com/rsprouse/audiolabel}
}

@misc{virtualbox,
  url =      {https://www.virtualbox.org/}
}

@inproceedings{p2fa,
  crossref =  {ACOUSTICS08},
  author =    {Jiahong Yuan, Mark Liberman},
  title =     {Speaker identification on the {SCOTUS} corpus},
}

@proceedings{ACOUSTICS08,
  key =     {ACOUSTICS08},
  title =   {Proceedings of Acoustics},
  booktitle = {Proceedings of Acoustics},
  year =    {2008},
  pages =   {5687--5690}
}

@misc{BCE,
  url =    {http://bce.berkeley.edu}
}

@misc{bce-git,
  url =     {https://github.com/ucberkeley/bce}
}

@misc{bpm-update-git,
  url =      {https://github.com/rsprouse/ucblingmisc/blob/master/bpm-bce/bpm-update-2015-spring}
}

@inproceedings{Clark14-BCE,
  crossref =  {SCIPY14},
  author =    {Dav Clark and Aaron Culich and Brian Hamlin and Ryan Lovett},
  title =     {{BCE}: Berkeley's Common Scientific Compute Environment for Research and Education},
  pages =     {5--13}
}

@proceedings{SCIPY14,
  key =       {SCIPY14},
  title =     {{SCIPY} 2014 -- 13\textsuperscript{th} Python in Science Conference, July 6–12, Austin, Texas, USA, Proceedings},
  booktitle = {{SCIPY} 2014 -- 13\textsuperscript{th} Python in Science Conference, July 6–12, Austin, Texas, USA, Proceedings},
  year =      {2014}
}
